<record><leader>00000cas a2200000 a 4500</leader><controlfield tag="001">11458347</controlfield><controlfield tag="008">841205d18651907nyucr ne      0    0eng c</controlfield><datafield ind1=" " ind2=" " tag="010"><subfield code="a">sn 84031937 </subfield></datafield><datafield ind1=" " ind2=" " tag="040"><subfield code="a">NYG</subfield><subfield code="b">eng</subfield><subfield code="c">NYG</subfield><subfield code="d">NPX</subfield><subfield code="d">NYG</subfield><subfield code="d">KNP</subfield><subfield code="d">NYS</subfield><subfield code="d">KNP</subfield><subfield code="d">MGN</subfield><subfield code="d">NYS</subfield><subfield code="d">NVF</subfield><subfield code="d">OCLCQ</subfield><subfield code="d">OCLCF</subfield><subfield code="d">OCLCO</subfield></datafield><datafield ind1=" " ind2=" " tag="042"><subfield code="a">pcc</subfield></datafield><datafield ind1=" " ind2=" " tag="043"><subfield code="a">n-us-ny</subfield></datafield><datafield ind1="0" ind2=" " tag="130"><subfield code="a">Argus (Albany, N.Y. : Semiweekly)</subfield></datafield><datafield ind1="1" ind2="4" tag="245"><subfield code="a">The Argus.</subfield></datafield><datafield ind1="1" ind2="3" tag="246"><subfield code="a">Semiweekly Argus</subfield></datafield><datafield ind1=" " ind2=" " tag="260"><subfield code="a">Albany [N.Y. :</subfield><subfield code="b">S.n.]</subfield></datafield><datafield ind1=" " ind2=" " tag="300"><subfield code="a">v. :</subfield><subfield code="b">ill. ;</subfield><subfield code="c">53 cm.</subfield></datafield><datafield ind1=" " ind2=" " tag="310"><subfield code="a">Semiweekly</subfield></datafield><datafield ind1="1" ind2=" " tag="362"><subfield code="a">Began in 1865.</subfield></datafield><datafield ind1="0" ind2=" " tag="362"><subfield code="a">-95th year (May 8, 1907).</subfield></datafield><datafield ind1=" " ind2=" " tag="500"><subfield code="a">Editors: William Cassidy, 1865-1873; Daniel Manning, 1865-1873; J. Wesley Smith, 1865-1873; Stephen C. Hutchins, 1873-1878.</subfield></datafield><datafield ind1=" " ind2=" " tag="500"><subfield code="a">"Democratic."</subfield></datafield><datafield ind1=" " ind2=" " tag="580"><subfield code="a">Daily eds.: Argus (Albany, N.Y. : Daily), 1865-1907, and: One cent Argus, 1895-&lt;&gt;.</subfield></datafield><datafield ind1=" " ind2=" " tag="580"><subfield code="a">Weekly ed.: Argus (Albany, N.Y. : Weekly), 1865-&lt;1901&gt;.</subfield></datafield><datafield ind1=" " ind2=" " tag="588"><subfield code="a">Description based on: Vol. 54, no. 5,559 (May 23, 1865).</subfield></datafield><datafield ind1=" " ind2="0" tag="651"><subfield code="a">Albany (N.Y.)</subfield><subfield code="v">Newspapers.</subfield></datafield><datafield ind1=" " ind2="7" tag="655"><subfield code="a">Newspapers.</subfield><subfield code="2">fast</subfield><subfield code="0">(OCoLC)fst01423814</subfield></datafield><datafield ind1=" " ind2="7" tag="651"><subfield code="a">New York (State)</subfield><subfield code="z">Albany.</subfield><subfield code="2">fast</subfield><subfield code="0">(OCoLC)fst01225716</subfield></datafield><datafield ind1=" " ind2=" " tag="752"><subfield code="a">United States</subfield><subfield code="b">New York</subfield><subfield code="c">Albany</subfield><subfield code="d">Albany.</subfield></datafield><datafield ind1="1" ind2=" " tag="775"><subfield code="t">Argus (Albany, N.Y. : Daily)</subfield><subfield code="w">(DLC)sn 83045592</subfield></datafield><datafield ind1="1" ind2=" " tag="775"><subfield code="t">One cent Argus</subfield><subfield code="w">(DLC)sn 89071342</subfield><subfield code="w">(OCoLC)20101261</subfield></datafield><datafield ind1="1" ind2=" " tag="775"><subfield code="t">Argus (Albany, N.Y. : Weekly)</subfield><subfield code="w">(DLC)sn 86053052</subfield></datafield><datafield ind1="0" ind2="0" tag="780"><subfield code="t">Atlas &amp; Argus (Albany, N.Y. : Semiweekly)</subfield><subfield code="w">(DLC)sn 83030907</subfield></datafield></record>